<?xml version="1.0" encoding="UTF-8"?><collection xmlns="http://www.loc.gov/MARC21/slim"><record><leader>00601nam--2200205-i-4500</leader><controlfield tag="001">000041168</controlfield><controlfield tag="002">20161230</controlfield><controlfield tag="005">20161230201043</controlfield><controlfield tag="008">060222s1000------------r-----000-0-ger-d</controlfield><datafield ind1=" " ind2=" " tag="020"><subfield code="a">3135142019</subfield></datafield><datafield ind1=" " ind2=" " tag="040"><subfield code="a">IFIN-HH</subfield></datafield><datafield ind1=" " ind2=" " tag="041"><subfield code="a">ger</subfield></datafield><datafield ind1=" " ind2=" " tag="080"><subfield code="a">530.145.6:539.19</subfield></datafield><datafield ind1="1" ind2=" " tag="100"><subfield code="a">Seelig, F.F</subfield></datafield><datafield ind1="1" ind2="0" tag="245"><subfield code="a">Quantentheorie der molekule. eine einfuhrung. 90 zum teil zweifarbige abbildungen</subfield><subfield code="c">F.f. seelig</subfield></datafield><datafield ind1=" " ind2=" " tag="260"><subfield code="a">Stuttgart</subfield><subfield code="b">Georg Thieme Verlag</subfield><subfield code="c">1974</subfield></datafield><datafield ind1=" " ind2=" " tag="300"><subfield code="a">VIII+232P</subfield></datafield><datafield ind1=" " ind2=" " tag="490"><subfield code="a">Thieme Taschenlehrbuch Der Organischen Chemie</subfield></datafield><datafield ind1=" " ind2=" " tag="852"><subfield code="a">42987</subfield><subfield code="c">539.19</subfield></datafield><datafield ind1=" " ind2=" " tag="CAT"><subfield code="a">Sys</subfield><subfield code="c">20120713</subfield><subfield code="h">144220</subfield></datafield></record></collection>